@book{IEEE-1363,
  author =       {{IEEE Std 1363-2000}},
  title =        {{IEEE} Standard Specifications for Public-Key Cryptography},
  address =      {New York},
  publisher =    {IEEE},
  year =         2000
}

@inproceedings{kocher99,
  author =       {C. Kocher and J. Jaffe and B. Jun},
  title =        {Differential Power Analysis},
  editor =       {M. Wiener},
  booktitle =    {Advances in Cryptology ({CRYPTO}~'99)},
  series =       {Lecture Notes in Computer Science},
  volume =       1666,
  pages =        {388-397},
  publisher =    {Springer-Verlag},
  address   =    {Germany},
  month =        {August},
  year =         1999
}

@incollection{Krasnogor2004e,
  author =       {N. Krasnogor},
  title =        {Towards robust memetic algorithms},
  booktitle =    {Recent Advances in Memetic Algorithms},
  publisher =    {Springer Berlin Heidelberg},
  year =         2004,
  pages =        {185-207},
  editor =       {W.E. Hart and N. Krasnogor and J.E. Smith},
  volume =       166,
  series =       {Studies in Fuzziness and Soft Computing},
  address =      {New York},
}

@incollection{zjsw,
  author =       {班固},
  title =        {苏武传},
  booktitle =    {传记散文英华},
  publisher =    {湖北人民出版社},
  year =         1998,
  pages =        {65-69},
  editor =       {郑在瀛 and 汪超宏 and 周文复},
  volume =       2,
  series =       {新古文观止丛书},
  address =      {武汉},
}

@inbook{clzs,
  author =       {阎真},
  title =        {沧浪之水},
  chapter =      {大人物还是讲人情的},
  pages =        {185-207},
  publisher =    {人民文学出版社},
  address =      {北京},
  year =         2001,
}

@book{tex,
  author =       "Donald E. Knuth",
  title =        "The {\TeX} Book",
  publisher =    "Addison-Wesley Publishing Company",
  address =      "Reading, MA",
  year =         1989,
  edition =      "15th",
}

@book{companion,
  author =       "Michel Goosens and Frank Mittelbach and Alexander Samarin",
  title =        "The {\LaTeX} Companion",
  publisher =    "Addison-Wesley Publishing Company",
  address =      "Reading, MA",
  PAGES =        "112--125",
  year =         1994,
}

@article{ELIDRISSI94,
  author =       "{Chafik El Idrissi}, M. and {Roney}, A. and {Frigon}, C. and
                  {Larzilli{\`e}re}, M.",
  title =        "Measurements of total kinetic-energy released to the {$N=2$}
                  dissociation limit of {H}$_2$ --- evidence of the dissociation
                  of very high vibrational {R}ydberg states of {H}$_2$ by
                  doubly-excited states",
  journal =      "Chemical Physics Letters",
  pages =        "260-266",
  volume =       224,
  number =       10,
  year =         1994,
}

@article{MELLINGER96,
  author =       "Mellinger, A. and Vidal, C. R. and Jungen, Ch.",
  title =        "Laser reduced fluorescence study of the carbon-monoxide nd
                  triplet {R}ydberg series-experimental results and multichannel
                  quantum-defect analysis",
  journal =      "J. Chem. Phys.",
  pages =        "8913-8921",
  volume =       104,
  number =       5,
  year =         1996,
}

@article{SHELL02,
  author =       "Michael Shell",
  title =        "How to Use the {IEEEtran \LaTeX} Class",
  journal =      "Journal of {\LaTeX} Class Files",
  year =         2002,
  volume =       12,
  number =       4,
  pages =        "100--120"
}

@TechReport{NPB2,
  title =        {The {NAS} Parallel Benchmarks 2.0},
  author =       {Alex Woo and David Bailey and Maurice Yarrow and Wijngaart
                  Wijngaart and Tim Harris and William Saphir},
  year =         1995,
  month =        dec # "~05",
  institution =  "The Pennsylvania State University CiteSeer Archives",
  url =          "http://www.nasa.org/"
}

@inproceedings{DPMG,
  author =       {Kim, Sangbum and Woo, Namyoon and Yeom, Heon Y. and Park,
                  Taesoon and Park, Hyoungwoo},
  title =        {Design and {I}mplementation of {D}ynamic {P}rocess
                  {M}anagement for {G}rid-enabled {MPICH}},
  booktitle =    {the 10th European PVM/MPI Users' Group Conference},
  editor =       {Jack Dongarra and Domenico Laforenza and Salvatore Orlando},
  publisher =    {Springer-Verlag},
  year =         2003,
  address =      {Venice, Italy},
  month =        sep,
}

@inproceedings{cnproceed,
  author =       {王重阳 and 黄药师 and 欧阳峰 and 洪七公 and 段皇帝},
  publisher =    {金大庸},
  title =        {武林高手从入门到精通},
  booktitle =    {第~$N$~次华山论剑},
  year =         2006,
  address =      {西安, 中国},
  month =        sep,
}

@article{cnarticle,
  author =       "贾宝玉 and 林黛玉 and 薛宝钗 and 贾探春",
  title =        "论刘姥姥食量大如牛之现实意义",
  journal =      "红楼梦杂谈",
  pages =        "260--266",
  volume =       224,
  year =         1800,
}

@mastersthesis{zhubajie,
  author =       {猪八戒},
  title =        {论流体食物的持久保存},
  school =       {广寒宫大学},
  year =         2005,
  address =      {北京},
}

@phdthesis{shaheshang,
  author =       {沙和尚},
  title =        {论流沙河的综合治理},
  school =       {清华大学},
  year =         2005,
  address =      {北京},
}

@mastersthesis{metamori2004,
  author =       {Ashwin Raju Jeyakumar},
  title =        {Metamori: A library for Incremental File Checkpointing},
  school =       {Virgina Tech},
  year =         2004,
  month =        jun # "~21",
  address =      {Blacksburg},
}

@phdthesis{FistSystem01,
  author =       "Erez Zadok",
  title =        "{FiST: A System for Stackable File System Code Generation}",
  year =         2001,
  month =        "May",
  school =       "Computer Science Department, Columbia University",
  address =      "USA"
}

@inbook{ColdSources,
  author =       {P. Gr{\"o}ning and L. Nilsson and P. Ruffieux and R.
                  Clergereaux and O. Gr{\"o}ning},
  title =        {Encyclopedia of Nanoscience and Nanotechnology},
  pages =        {547--579},
  publisher =    {American Scientific Publishers},
  year =         2004,
  volume =       1,
  address =      {USA},
}

@online{chuban2001,
  author =      {萧钰},
  title =       {出版业信息化迈入快车道},
  date  =       {2001-12-19},
  urldate =     {2002-04-15},
  url =         {http://www.creader.com/news/200112190019.htm},
}

@online{oclc2000,
  author =      {{Online Computer Library Center, Inc.}},
  title =       {History of {OCLC}},
  year =        2000,
  urldate =     {2000-01-08},
  url =         {http://www.oclc.org/about/history/default.htm},
}


@online{globalWarming,
  author =      {IPCC},
  title =       {Global Warming of 1.5 $^\circ$C},
  urldate =     {2018-10-08},
  url =         {https://www.ipcc.ch/sr15/},
  year =        2018,
}

@article{hawkins2009potential,
  title={The potential to narrow uncertainty in regional climate predictions},
  author={Hawkins, Ed and Sutton, Rowan},
  journal={Bulletin of the American Meteorological Society},
  volume={90},
  number={8},
  pages={1095--1108},
  year={2009},
  publisher={American Meteorological Society}
}

@article{moss2010next,
  title={The next generation of scenarios for climate change research and assessment},
  author={Moss, Richard H and Edmonds, Jae A and Hibbard, Kathy A and Manning, Martin R and Rose, Steven K and Van Vuuren, Detlef P and Carter, Timothy R and Emori, Seita and Kainuma, Mikiko and Kram, Tom and others},
  journal={Nature},
  volume={463},
  number={7282},
  pages={747},
  year={2010},
  publisher={Nature Publishing Group}
}

@article{mastrandrea2011ipcc,
  title={The IPCC AR5 guidance note on consistent treatment of uncertainties: a common approach across the working groups},
  author={Mastrandrea, Michael D and Mach, Katharine J and Plattner, Gian-Kasper and Edenhofer, Ottmar and Stocker, Thomas F and Field, Christopher B and Ebi, Kristie L and Matschoss, Patrick R},
  journal={Climatic Change},
  volume={108},
  number={4},
  pages={675},
  year={2011},
  publisher={Springer}
}

@article{epstein1969stochastic,
  title={Stochastic dynamic prediction},
  author={Epstein, Edward S},
  journal={Tellus},
  volume={21},
  number={6},
  pages={739--759},
  year={1969},
  publisher={Taylor \& Francis}
}

@article{leith1974theoretical,
  title={Theoretical skill of Monte Carlo forecasts},
  author={Leith, CE},
  journal={Monthly Weather Review},
  volume={102},
  number={6},
  pages={409--418},
  year={1974}
}

@article{bauer2015quiet,
  title={The quiet revolution of numerical weather prediction},
  author={Bauer, Peter and Thorpe, Alan and Brunet, Gilbert},
  journal={Nature},
  volume={525},
  number={7567},
  pages={47},
  year={2015},
  publisher={Nature Publishing Group}
}

@article{buizza1999stochastic,
  title={Stochastic representation of model uncertainties in the ECMWF ensemble prediction system},
  author={Buizza, Roberto and Milleer, M and Palmer, Tim N},
  journal={Quarterly Journal of the Royal Meteorological Society},
  volume={125},
  number={560},
  pages={2887--2908},
  year={1999},
  publisher={Wiley Online Library}
}

@article{berner2009spectral,
  title={A spectral stochastic kinetic energy backscatter scheme and its impact on flow-dependent predictability in the ECMWF ensemble prediction system},
  author={Berner, J and Shutts, GJ and Leutbecher, M and Palmer, TN},
  journal={Journal of the Atmospheric Sciences},
  volume={66},
  number={3},
  pages={603--626},
  year={2009}
}

@article{houtekamer1996system,
  title={A system simulation approach to ensemble prediction},
  author={Houtekamer, PL and Lefaivre, Louis and Derome, Jacques and Ritchie, Harold and Mitchell, Herschel L},
  journal={Monthly Weather Review},
  volume={124},
  number={6},
  pages={1225--1242},
  year={1996}
}

@book{intergovernmental2014climate,
  title={Climate Change 2014--Impacts, Adaptation and Vulnerability: Regional Aspects},
  author={Intergovernmental Panel on Climate Change},
  year={2014},
  publisher={Cambridge University Press}
}

@article{陈静2002集合数值预报发展与研究进展,
  title={集合数值预报发展与研究进展},
  author={陈静 and 陈德辉 and 颜宏},
  journal={应用气象学报},
  volume={13},
  number={4},
  pages={497--507},
  year={2002}
}

@article{zhang2015automatic,
  title={An automatic and effective parameter optimization method for model tuning},
  author={Zhang, T and Li, L and Lin, Y and Xue, W and Xie, F and Xu, H and Huang, X},
  journal={Geoscientific Model Development},
  volume={8},
  number={11},
  pages={3579--3591},
  year={2015},
  publisher={Copernicus GmbH}
}

@article{molteni1996ecmwf,
  title={The ECMWF ensemble prediction system: Methodology and validation},
  author={Molteni, Franco and Buizza, Roberto and Palmer, Tim N and Petroliagis, Thomas},
  journal={Quarterly journal of the royal meteorological society},
  volume={122},
  number={529},
  pages={73--119},
  year={1996},
  publisher={Wiley Online Library}
}

@article{toth1997ensemble,
  title={Ensemble forecasting at NCEP and the breeding method},
  author={Toth, Zoltan and Kalnay, Eugenia},
  journal={Monthly Weather Review},
  volume={125},
  number={12},
  pages={3297--3319},
  year={1997}
}

@article{saha2014ncep,
  title={The NCEP climate forecast system version 2},
  author={Saha, Suranjana and Moorthi, Shrinivas and Wu, Xingren and Wang, Jiande and Nadiga, Sudhir and Tripp, Patrick and Behringer, David and Hou, Yu-Tai and Chuang, Hui-ya and Iredell, Mark and others},
  journal={Journal of Climate},
  volume={27},
  number={6},
  pages={2185--2208},
  year={2014}
}

@article{liu2014relationships,
  title={Relationships between interannual and intraseasonal variations of the Asian-western Pacific summer monsoon hindcasted by BCC\_CSM1. 1 (m)},
  author={Liu, Xiangwen and Wu, Tongwen and Yang, Song and Li, Qiaoping and Cheng, Yanjie and Liang, Xiaoyun and Fang, Yongjie and Jie, Weihua and Nie, Suping},
  journal={Advances in Atmospheric Sciences},
  volume={31},
  number={5},
  pages={1051--1064},
  year={2014},
  publisher={Springer}
}

@article{hoffman1983lagged,
  title={Lagged average forecasting, an alternative to Monte Carlo forecasting},
  author={Hoffman, Ross N and Kalnay, Eugenia},
  journal={Tellus A: Dynamic Meteorology and Oceanography},
  volume={35},
  number={2},
  pages={100--118},
  year={1983},
  publisher={Taylor \& Francis}
}

@article{kug2010new,
  title={New approach for optimal perturbation method in ensemble climate prediction with empirical singular vector},
  author={Kug, Jong-Seong and Ham, Yoo-Geun and Kimoto, Masahide and Jin, Fei-Fei and Kang, In-Sik},
  journal={Climate dynamics},
  volume={35},
  number={2-3},
  pages={331--340},
  year={2010},
  publisher={Springer}
}

@article{xu2018parameter,
  title={Parameter calibration in global soil carbon models using surrogate-based optimization},
  author={Xu, Haoyu and Zhang, Tao and Luo, Yiqi and Huang, Xin and Xue, Wei},
  journal={Geoscientific Model Development},
  volume={11},
  number={7},
  pages={3027--3044},
  year={2018},
  publisher={Copernicus GmbH}
}

@article{yang2015calibration,
  title={Calibration of a convective parameterization scheme in the WRF model and its impact on the simulation of East Asian summer monsoon precipitation},
  author={Yang, Ben and Zhang, Yaocun and Qian, Yun and Huang, Anning and Yan, Huiping},
  journal={Climate Dynamics},
  volume={44},
  number={5-6},
  pages={1661--1684},
  year={2015},
  publisher={Springer}
}

@article{zou2014parameter,
  title={Parameter tuning and calibration of RegCM3 with MIT--Emanuel cumulus parameterization scheme over CORDEX East Asia domain},
  author={Zou, Liwei and Qian, Yun and Zhou, Tianjun and Yang, Ben},
  journal={Journal of Climate},
  volume={27},
  number={20},
  pages={7687--7701},
  year={2014}
}

@article{yang2013uncertainty,
  title={Uncertainty quantification and parameter tuning in the CAM5 Zhang-McFarlane convection scheme and impact of improved convection on the global circulation and climate},
  author={Yang, Ben and Qian, Yun and Lin, Guang and Leung, L Ruby and Rasch, Philip J and Zhang, Guang J and McFarlane, Sally A and Zhao, Chun and Zhang, Yaocun and Wang, Hailong and others},
  journal={Journal of Geophysical Research: Atmospheres},
  volume={118},
  number={2},
  pages={395--415},
  year={2013},
  publisher={Wiley Online Library}
}

@article{ma2006application,
  title={Application of SCE-UA algorithm to optimization of TOPMODEL parameters},
  author={Ma, Haibo and Dong, Zengchuan and Zhang, Wenming and Liang, Zhongmin},
  journal={Journal of Hohai University (Natural Sciences)},
  volume={4},
  year={2006}
}

@article{ebert2001ability,
  title={Ability of a poor man's ensemble to predict the probability and distribution of precipitation},
  author={Ebert, Elizabeth E},
  journal={Monthly Weather Review},
  volume={129},
  number={10},
  pages={2461--2480},
  year={2001}
}

@article{陈力强2005短期集合预报中定量降水预报集合方法初探,
  title={短期集合预报中定量降水预报集合方法初探},
  author={陈力强 and 周小珊 and 杨森},
  journal={南京气象学院学报},
  volume={28},
  number={4},
  pages={543--548},
  year={2005},
  publisher={南京信息工程大學學報編輯部}
}

@article{代刊2016中短期数字化天气预报技术现状及趋势,
  title={中短期数字化天气预报技术现状及趋势},
  author={代刊 and 曹勇 and 钱奇峰 and 高嵩 and 赵声蓉 and 谌芸 and 钱传海},
  journal={气象},
  volume={42},
  number={12},
  pages={1445--1455},
  year={2016}
}

@article{wang2010optimizing,
  title={Optimizing walking controllers for uncertain inputs and environments},
  author={Wang, Jack M and Fleet, David J and Hertzmann, Aaron},
  journal={ACM Transactions on Graphics (TOG)},
  volume={29},
  number={4},
  pages={73},
  year={2010},
  publisher={ACM}
}

@article{salimans2017evolution,
  title={Evolution strategies as a scalable alternative to reinforcement learning},
  author={Salimans, Tim and Ho, Jonathan and Chen, Xi and Sidor, Szymon and Sutskever, Ilya},
  journal={arXiv preprint arXiv:1703.03864},
  year={2017}
}

@article{江净超2017知识驱动下的水文模型参数智能化设置方法,
  title={知识驱动下的水文模型参数智能化设置方法},
  author={江净超 and 余洁 and 秦承志 and 刘军志 and 李润奎 and 朱良君 and 朱阿兴},
  journal={武汉大学学报{\textperiodcentered} 信息科学版},
  volume={42},
  number={4},
  pages={525--530},
  year={2017}
}

@article{duan1993shuffled,
  title={Shuffled complex evolution approach for effective and efficient global minimization},
  author={Duan, QY and Gupta, Vijai K and Sorooshian, Soroosh},
  journal={Journal of optimization theory and applications},
  volume={76},
  number={3},
  pages={501--521},
  year={1993},
  publisher={Springer}
}

@article{梁萍2013mjo,
  title={MJO 在延伸期预报中的应用进展},
  author={梁萍 and 何金海 and 穆海振},
  journal={气象科技进展},
  volume={3},
  number={1},
  pages={31--38},
  year={2013}
}

@article{任宏利2015mjo,
  title={MJO 预报研究进展},
  author={任宏利 and 吴捷 and 赵崇博 and 刘颖 and 贾小龙 and 张培群},
  journal={应用气象学报},
  volume={26},
  number={6},
  pages={658--668},
  year={2015}
}

@article{mo1998tropical,
  title={Tropical convection and precipitation regimes in the western United States},
  author={Mo, Kingtse C and Higgins, RW},
  journal={Journal of Climate},
  volume={11},
  number={9},
  pages={2404--2423},
  year={1998}
}

@article{白旭旭2011mjo,
  title={MJO 对我国东部春季降水影响的分析},
  author={白旭旭 and 李崇银 and 谭言科 and 关志佳},
  journal={热带气象学报},
  volume={27},
  number={6},
  pages={814--822},
  year={2011},
  publisher={热带气象学报》 编辑部}
}

@phdthesis{游佳慧2015mjo,
  title={MJO 的基本特征重构及其与我国降水影响的因果分析},
  author={游佳慧},
  year={2015},
  school={南京: 南京信息工程大学}
}

@article{吴捷2018mjo,
  title={MJO 对我国降水影响的季节调制和动力-统计降尺度预测},
  author={吴捷 and 任宏利 and 许小峰 and 高丽},
  journal={气象},
  volume={44},
  number={6},
  pages={737--751},
  year={2018}
}

@article{王会军2013东亚季风近几十年来的主要变化特征,
  title={东亚季风近几十年来的主要变化特征},
  author={王会军 and 范可},
  journal={大气科学},
  volume={37},
  number={2},
  pages={313--318},
  year={2013}
}

@article{周天军2018东亚夏季风变化机理的模拟和未来变化的预估,
  title={东亚夏季风变化机理的模拟和未来变化的预估: 成绩和问题, 机遇和挑战},
  author={周天军 and 吴波 and 郭准 and 何超 and 邹立维 and 陈晓龙 and 张丽霞 and 满文敏 and 李普曦 and 李东欢 and others},
  journal={大气科学},
  volume={42},
  number={4},
  pages={902--934},
  year={2018}
}

@article{hourdin2017art,
  title={The art and science of climate model tuning},
  author={Hourdin, Fr{\'e}d{\'e}ric and Mauritsen, Thorsten and Gettelman, Andrew and Golaz, Jean-Christophe and Balaji, Venkatramani and Duan, Qingyun and Folini, Doris and Ji, Duoying and Klocke, Daniel and Qian, Yun and others},
  journal={Bulletin of the American Meteorological Society},
  volume={98},
  number={3},
  pages={589--602},
  year={2017}
}

@article{wild2008short,
  title={Short-wave and long-wave surface radiation budgets in GCMs: a review based on the IPCC-AR4/CMIP3 models},
  author={Wild, Martin},
  journal={Tellus A: Dynamic Meteorology and Oceanography},
  volume={60},
  number={5},
  pages={932--945},
  year={2008},
  publisher={Taylor \& Francis}
}

@article{regis2007stochastic,
  title={A stochastic radial basis function method for the global optimization of expensive functions},
  author={Regis, Rommel G and Shoemaker, Christine A},
  journal={INFORMS Journal on Computing},
  volume={19},
  number={4},
  pages={497--509},
  year={2007},
  publisher={INFORMS}
}

@article{pohlheim2007examples,
  title={Examples of objective functions},
  author={Pohlheim, Hartmut},
  journal={Retrieved},
  volume={4},
  number={10},
  pages={2012},
  year={2007}
}

@article{lin2012twp,
  title={TWP-ICE global atmospheric model intercomparison: Convection responsiveness and resolution impact},
  author={Lin, Yanluan and Donner, Leo J and Petch, J and Bechtold, P and Boyle, James and Klein, Stephen A and Komori, T and Wapler, K and Willett, M and Xie, X and others},
  journal={Journal of Geophysical Research: Atmospheres},
  volume={117},
  number={D9},
  year={2012},
  publisher={Wiley Online Library}
}

@incollection{fridlind2018simulations,
  title={Simulations of Arctic Mixed-Phase Boundary Layer Clouds: Advances in Understanding and Outstanding Questions},
  author={Fridlind, Ann M and Ackerman, Andrew S},
  booktitle={Mixed-Phase Clouds},
  pages={153--183},
  year={2018},
  publisher={Elsevier}
}

@article{qian2018parametric,
  title={Parametric Sensitivity and Uncertainty Quantification in the Version 1 of E3SM Atmosphere Model Based on Short Perturbed Parameter Ensemble Simulations},
  author={Qian, Yun and Wan, Hui and Yang, Ben and Golaz, Jean-Christophe and Harrop, Bryce and Hou, Zhangshuan and Larson, Vincent E and Leung, L Ruby and Lin, Guangxing and Lin, Wuyin and others},
  journal={Journal of Geophysical Research: Atmospheres},
  volume={123},
  number={23},
  pages={13--046},
  year={2018},
  publisher={Wiley Online Library}
}

@article{yang2013uncertainty,
  title={Uncertainty quantification and parameter tuning in the CAM5 Zhang-McFarlane convection scheme and impact of improved convection on the global circulation and climate},
  author={Yang, Ben and Qian, Yun and Lin, Guang and Leung, L Ruby and Rasch, Philip J and Zhang, Guang J and McFarlane, Sally A and Zhao, Chun and Zhang, Yaocun and Wang, Hailong and others},
  journal={Journal of Geophysical Research: Atmospheres},
  volume={118},
  number={2},
  pages={395--415},
  year={2013},
  publisher={Wiley Online Library}
}

@article{mitchell2008impact,
  title={Impact of small ice crystal assumptions on ice sedimentation rates in cirrus clouds and GCM simulations},
  author={Mitchell, David L and Rasch, Philip and Ivanova, Dorothea and McFarquhar, Greg and Nousiainen, Timo},
  journal={Geophysical Research Letters},
  volume={35},
  number={9},
  year={2008},
  publisher={Wiley Online Library}
}

@article{qian2015parametric,
  title={Parametric sensitivity analysis of precipitation at global and local scales in the Community Atmosphere Model CAM5},
  author={Qian, Yun and Yan, Huiping and Hou, Zhangshuan and Johannesson, Gardar and Klein, Stephen and Lucas, Donald and Neale, Richard and Rasch, Philip and Swiler, Laura and Tannahill, John and others},
  journal={Journal of Advances in Modeling Earth Systems},
  volume={7},
  number={2},
  pages={382--411},
  year={2015},
  publisher={Wiley Online Library}
}

@article{deb2014evolutionary,
  title={An evolutionary many-objective optimization algorithm using reference-point-based nondominated sorting approach, part I: solving problems with box constraints},
  author={Deb, Kalyanmoy and Jain, Himanshu},
  journal={IEEE Transactions on Evolutionary Computation},
  volume={18},
  number={4},
  pages={577--601},
  year={2014},
  publisher={IEEE}
}

@article{zhang2007moea,
  title={MOEA/D: A multiobjective evolutionary algorithm based on decomposition},
  author={Zhang, Qingfu and Li, Hui},
  journal={IEEE Transactions on evolutionary computation},
  volume={11},
  number={6},
  pages={712--731},
  year={2007},
  publisher={IEEE}
}

@inproceedings{riquelme2015performance,
  title={Performance metrics in multi-objective optimization},
  author={Riquelme, Nery and Von L{\"u}cken, Christian and Baran, Benjamin},
  booktitle={2015 Latin American Computing Conference (CLEI)},
  pages={1--11},
  year={2015},
  organization={IEEE}
}

@article{wu2019beijing,
  title={The Beijing Climate Center Climate System Model (BCC-CSM): the main progress from CMIP5 to CMIP6},
  author={Wu, Tongwen and Lu, Yixiong and Fang, Yongjie and Xin, Xiaoge and Li, Laurent and Li, Weiping and Jie, Weihua and Zhang, Jie and Liu, Yiming and Zhang, Li and others},
  journal={Geoscientific Model Development},
  volume={12},
  number={4},
  pages={1573--1600},
  year={2019},
  publisher={Copernicus GmbH}
}

@article{wu2013global,
  title={Global carbon budgets simulated by the Beijing Climate Center Climate System Model for the last century},
  author={Wu, Tongwen and Li, Weiping and Ji, Jinjun and Xin, Xiaoge and Li, Laurent and Wang, Zaizhi and Zhang, Yanwu and Li, Jianglong and Zhang, Fang and Wei, Min and others},
  journal={Journal of Geophysical Research: Atmospheres},
  volume={118},
  number={10},
  pages={4326--4347},
  year={2013},
  publisher={Wiley Online Library}
}

@article{xiao2013introduction,
  title={Introduction of CMIP5 experiments carried out with the climate system models of Beijing Climate Center},
  author={Xin, XiaoGe and Wu,TongWen,and Zhang,Jie},
  journal={Advances in Climate Change Research},
  volume={4},
  number={1},
  pages={41--49},
  year={2013},
  publisher={Elsevier}
}

@article{liu2015performance,
  title={Performance of the seasonal forecasting of the Asian summer monsoon by BCC\_CSM1. 1 (m)},
  author={Liu, Xiangwen and Wu, Tongwen and Yang, Song and Jie, Weihua and Nie, Suping and Li, Qiaoping and Cheng, Yanjie and Liang, Xiaoyun},
  journal={Advances in Atmospheric Sciences},
  volume={32},
  number={8},
  pages={1156--1172},
  year={2015},
  publisher={Springer}
}

@phdthesis{mohammadi2016kriging,
  title={Kriging-based black-box global optimization: analysis and new algorithms},
  author={Mohammadi, Hossein},
  year={2016},
  school={Ecole Nationale Sup{\'e}rieure des Mines de Saint-Etienne}
}

@book{williams2006gaussian,
  title={Gaussian processes for machine learning},
  author={Williams, Christopher KI and Rasmussen, Carl Edward},
  volume={2},
  number={3},
  year={2006},
  publisher={MIT Press Cambridge, MA}
}

@article{郑峰2008集合预报初值扰动在天气预报中的应用研究进展,
  title={集合预报初值扰动在天气预报中的应用研究进展},
  author={郑峰},
  journal={科技导报},
  volume={26},
  number={19},
  pages={90-95},
  year={2008},
}

@article{zhang2010beating,
  title={Beating the uncertainties: ensemble forecasting and ensemble-based data assimilation in modern numerical weather prediction},
  author={Zhang, Hailing and Pu, Zhaoxia},
  journal={Advances in Meteorology},
  volume={2010},
  year={2010},
  publisher={Hindawi}
}

@article{yang2006enso,
  title={ENSO bred vectors in coupled ocean--atmosphere general circulation models},
  author={Yang, SC and Kalnay, E and Cai, M and Rienecker, M and Yuan, G and Toth, Z},
  journal={Journal of climate},
  volume={19},
  number={8},
  pages={1422--1436},
  year={2006}
}

@article{baehr2013ensemble,
  title={Ensemble initialization of the oceanic component of a coupled model through bred vectors at seasonal-to-interannual time scales},
  author={Baehr, J and Piontek, R},
  journal={Geoscientific Model Development Discussions},
  volume={6},
  pages={5189--5214},
  year={2013}
}

@article{任福民2012近,
  title={近 30 年 ENSO 研究进展回顾},
  author={任福民 and 袁媛 and 孙丞虎 and 曹璐},
  journal={气象科技进展},
  volume={2},
  number={3},
  pages={17--24},
  year={2012}
}

@article{stan2008influence,
  title={The influence of atmospheric noise and uncertainty in ocean initial conditions on the limit of predictability in a coupled GCM},
  author={Stan, Cristiana and Kirtman, Ben P},
  journal={Journal of Climate},
  volume={21},
  number={14},
  pages={3487--3503},
  year={2008}
}

@article{selmic2002neural,
  title={Neural-network approximation of piecewise continuous functions: application to friction compensation},
  author={Selmic, Rastko R and Lewis, Frank L},
  journal={IEEE transactions on neural networks},
  volume={13},
  number={3},
  pages={745--751},
  year={2002},
  publisher={IEEE}
}

@inproceedings{mylne1999quasi,
  title={Quasi-operational multi-model multianalysis ensembles on medium-range timescales},
  author={Mylne, K and Clark, RT and Evans, RE},
  booktitle={Preprints, 13th Conf. on Numerical Weather Prediction, Denver, CO, Amer. Meteor. Soc},
  pages={204--209},
  year={1999}
}

@inproceedings{evans1997joint,
  title={Joint medium-range ensembles from the UKMO and ECMWF models},
  author={Evans, RE and Harrison, MSJ and Graham, RJ},
  booktitle={Proc. Workshop on Predictability},
  pages={20--22},
  year={1997}
}

@article{saltelli1995sensitivity,
  title={Sensitivity analysis for nonlinear mathematical models: numerical experience},
  author={Saltelli, Andrea and Sobol', Il'ya Meerovich},
  journal={Matematicheskoe Modelirovanie},
  volume={7},
  number={11},
  pages={16--28},
  year={1995},
  publisher={Russian Academy of Sciences, Branch of Mathematical Sciences}
}

@book{saltelli2008global,
  title={Global sensitivity analysis: the primer},
  author={Saltelli, Andrea and Ratto, Marco and Andres, Terry and Campolongo, Francesca and Cariboni, Jessica and Gatelli, Debora and Saisana, Michaela and Tarantola, Stefano},
  year={2008},
  publisher={John Wiley \& Sons}
}

@article{muller2015ch4,
  title={CH4 parameter estimation in CLM4. 5bgc using surrogate global optimization},
  author={M{\"u}ller, JRCJYN and Paudel, R and Shoemaker, CA and Woodbury, J and Wang, Y and Mahowald, N},
  year={2015},
  publisher={Copernicus GmbH}
}

@inproceedings{auger2012tutorial,
  title={Tutorial CMA-ES: evolution strategies and covariance matrix adaptation.},
  author={Auger, Anne and Hansen, Nikolaus},
  booktitle={GECCO (Companion)},
  pages={827--848},
  year={2012}
}

@article{severijns2005optimizing,
  title={Optimizing parameters in an atmospheric general circulation model},
  author={Severijns, CA and Hazeleger, W},
  journal={Journal of climate},
  volume={18},
  number={17},
  pages={3527--3535},
  year={2005}
}

@article{neelin2010considerations,
  title={Considerations for parameter optimization and sensitivity in climate models},
  author={Neelin, J David and Bracco, Annalisa and Luo, Hao and McWilliams, James C and Meyerson, Joyce E},
  journal={Proceedings of the National Academy of Sciences},
  volume={107},
  number={50},
  pages={21349--21354},
  year={2010},
  publisher={National Acad Sciences}
}

@article{Evans2013A,
  title={A regional climate modelling projection ensemble experiment-NARCliM},
  author={Evans, J. P and Ji, F and Lee, C and Smith, P and Argüeso, D and Fita, L},
  journal={Geoscientific Model Development Discussions},
  volume={6},
  number={3},
  pages={5117-5139},
  year={2013},
}

@article{Storn1997Differential,
  title={Differential Evolution – A Simple and Efficient Heuristic for global Optimization over Continuous Spaces},
  author={Storn, Rainer and Price, Kenneth},
  journal={Journal of Global Optimization},
  volume={11},
  number={4},
  pages={341-359},
  year={1997},
}

@article{zitzler2000comparison,
  title={Comparison of multiobjective evolutionary algorithms: Empirical results},
  author={Zitzler, Eckart and Deb, Kalyanmoy and Thiele, Lothar},
  journal={Evolutionary computation},
  volume={8},
  number={2},
  pages={173--195},
  year={2000},
  publisher={MIT Press}
}

@inproceedings{deb2002scalable,
  title={Scalable multi-objective optimization test problems},
  author={Deb, Kalyanmoy and Thiele, Lothar and Laumanns, Marco and Zitzler, Eckart},
  booktitle={Proceedings of the 2002 Congress on Evolutionary Computation. CEC'02 (Cat. No. 02TH8600)},
  volume={1},
  pages={825--830},
  year={2002},
  organization={IEEE}
}

@online{optfun1,
  author =      {Sonja Surjanovic and Derek Bingham},
  title =       {Virtual Library of Simulation Experiments:Test Functions and Datasets},
  year =        2017,
  urldate =     {2017-08},
  url =     {https://www.sfu.ca/~ssurjano/rastr.html},
}

@online{optfun2,
  author =      {Sonja Surjanovic and Derek Bingham},
  title =       {Virtual Library of Simulation Experiments:Test Functions and Datasets},
  year =        2017,
  urldate =     {2017-08},
  url =     {https://www.sfu.ca/~ssurjano/schwef.html},
}

@article{modelprogress,
  title={地球系统模式发展展望},
  author={王斌 and 周天军 and 俞永强},
  journal={气象学报},
  volume={66},
  number={6},
  pages={857--869},
  year={2008}
}

@article{song2015global,
  title={Global sensitivity analysis in hydrological modeling: Review of concepts, methods, theoretical framework, and applications},
  author={Song, Xiaomeng and Zhang, Jianyun and Zhan, Chesheng and Xuan, Yunqing and Ye, Ming and Xu, Chonggang},
  journal={Journal of hydrology},
  volume={523},
  pages={739--757},
  year={2015},
  publisher={Elsevier}
}

@article{verlinde2007mixed,
  title={The mixed-phase Arctic cloud experiment},
  author={Verlinde, J and Harrington, Jerry Y and McFarquhar, Greg Michael and Yannuzzi, VT and Avramov, Alexander and Greenberg, S and Johnson, N and Zhang, G and Poellot, MR and Mather, Jim H and others},
  journal={Bulletin of the American Meteorological Society},
  volume={88},
  number={2},
  pages={205--222},
  year={2007},
  publisher={American Meteorological Society}
}
